<?xml version="1.0"?>
<marc:records xmlns:marc="http://www.loc.gov/MARC21/slim" xmlns:xsi="http://www.w3.org/2001/XMLSchema-instance" xsi:schemaLocation="http://www.loc.gov/MARC21/slim http://www.loc.gov/standards/marcxml/schema/MARC21slim.xsd">
  <marc:record>
    <marc:leader>03713ntm a2200433Ia 4500</marc:leader>
    <marc:controlfield tag="001">9977253252403681</marc:controlfield>
    <marc:controlfield tag="005">20180308122823.0</marc:controlfield>
    <marc:controlfield tag="008">180308s1873    uz            000 0 arc d</marc:controlfield>
    <marc:datafield ind1=" " ind2=" " tag="035">
  <marc:subfield code="a">(OCoLC)1027966344</marc:subfield>
</marc:datafield>
    <marc:datafield ind1=" " ind2=" " tag="035">
  <marc:subfield code="a">(OCoLC)on1027966344</marc:subfield>
</marc:datafield>
    <marc:datafield ind1=" " ind2=" " tag="040">
  <marc:subfield code="a">PAU</marc:subfield>
  <marc:subfield code="b">eng</marc:subfield>
  <marc:subfield code="c">PAU</marc:subfield>
  <marc:subfield code="e">dacs</marc:subfield>
</marc:datafield>
    <marc:datafield ind1="0" ind2=" " tag="041">
  <marc:subfield code="a">arc</marc:subfield>
  <marc:subfield code="a">heb</marc:subfield>
  <marc:subfield code="a">jpr</marc:subfield>
</marc:datafield>
    <marc:datafield ind1=" " ind2=" " tag="043">
  <marc:subfield code="a">a-uz---</marc:subfield>
</marc:datafield>
    <marc:datafield ind1=" " ind2=" " tag="049">
  <marc:subfield code="a">PAUU</marc:subfield>
</marc:datafield>
    <marc:datafield ind1=" " ind2="9" tag="099">
  <marc:subfield code="a">CAJS Rar Ms 469</marc:subfield>
</marc:datafield>
    <marc:datafield ind1="0" ind2="0" tag="245">
  <marc:subfield code="a">Marriage contract,</marc:subfield>
  <marc:subfield code="f">5634 (1873).</marc:subfield>
</marc:datafield>
    <marc:datafield ind1="3" ind2=" " tag="246">
  <marc:subfield code="6">880-01</marc:subfield>
  <marc:subfield code="a">Ketubah : Bukhara</marc:subfield>
</marc:datafield>
    <marc:datafield ind1=" " ind2=" " tag="300">
  <marc:subfield code="a">1 leaf :</marc:subfield>
  <marc:subfield code="b">parchment, color ;</marc:subfield>
  <marc:subfield code="c">38.0 X 28.4 cm</marc:subfield>
</marc:datafield>
    <marc:datafield ind1=" " ind2=" " tag="500">
  <marc:subfield code="6">880-02</marc:subfield>
  <marc:subfield code="a">The wedding took place on the Fourth day [Wed.] of the week, 29th of H&#x323;eshv&#x323;an, 5634 [19 Nov. 1873] in the city of Bukhara. The groom is Mashiah&#x323; ben H&#x323;ayim ben Yitsh&#x323;ak&#x323; Menah&#x323;em. The bride is Malkah bat m.v&#x323;. H&#x323;ayim ben m.v&#x323;. Mashiah&#x323;. Signatures: Mar Magzum Nas&#x301;i ben Mar Yitsh&#x323;ak&#x323;, witness; ha-tsa&#x2BB;ir Matituhu ben Mosheh, witness; tsa&#x2BB;ir Dav&#x323;id b.k.R. Eliyahu Rah&#x323;amim mi-bet Shoh&#x323;et&#x323; Bavli, S.t&#x323;.</marc:subfield>
</marc:datafield>
    <marc:datafield ind1=" " ind2=" " tag="520">
  <marc:subfield code="a">Manuscript ketubah with standard ketubah text in black ink in Aramaic and Hebrew in Sephardic semi-cursive script. Terms of the dowry and bride price in Judeo-Tajik. Leaf sides have straight edges save for the top which is tapered. Verses from Scripture in block Hebrew print with gouache surround the ketubah text: Psalms 128 and Isaiah 61:10 in outside border; Isaiah 62:5 straight across the top. There are two roundels at the top: outside of right roundel has abridged verse from Malachi (3:20) and Proverbs 5:18 in the center; outside of left roundel has abridged verse from Isaiah (30:26) and Proverbs 18:22 in the center. Between the two roundels are words of blessing to the bride and groom in Aramaic and Hebrew which are framed by words of the abridged sixth blessing recited at a Jewish wedding. Wedding took place on 29 H&#x323;eshv&#x323;an 5634 (19 Nov. 1873), in Bukhara, Uzbekistan. With the unusual presence of three signatures. The third is presumed to be the scribe.</marc:subfield>
</marc:datafield>
    <marc:datafield ind1=" " ind2=" " tag="546">
  <marc:subfield code="a">Aramaic, Hebrew, and Judeo-Tajik</marc:subfield>
  <marc:subfield code="b">(Sephardic semi-cursive)</marc:subfield>
</marc:datafield>
    <marc:datafield ind1="1" ind2=" " tag="561">
  <marc:subfield code="a">Sold at auction at Sotheby's, from the estate of Shlomo Moussaieff, 20 Dec. 2017, lot 112.</marc:subfield>
</marc:datafield>
    <marc:datafield ind1="0" ind2="0" tag="600">
  <marc:subfield code="a">Mashiah&#x323; ben H&#x323;ayim</marc:subfield>
  <marc:subfield code="x">Marriage.</marc:subfield>
</marc:datafield>
    <marc:datafield ind1="0" ind2="0" tag="600">
  <marc:subfield code="a">Malkah bat H&#x323;ayim</marc:subfield>
  <marc:subfield code="x">Marriage.</marc:subfield>
</marc:datafield>
    <marc:datafield ind1=" " ind2="0" tag="650">
  <marc:subfield code="a">Ketubah</marc:subfield>
  <marc:subfield code="v">Specimens.</marc:subfield>
</marc:datafield>
    <marc:datafield ind1=" " ind2="0" tag="650">
  <marc:subfield code="a">Prenuptial agreements (Jewish law)</marc:subfield>
  <marc:subfield code="v">Specimens.</marc:subfield>
</marc:datafield>
    <marc:datafield ind1=" " ind2="0" tag="650">
  <marc:subfield code="a">Marriage (Jewish law)</marc:subfield>
</marc:datafield>
    <marc:datafield ind1=" " ind2="0" tag="651">
  <marc:subfield code="a">Bukhoro (Uzbekistan)</marc:subfield>
</marc:datafield>
    <marc:datafield ind1=" " ind2="7" tag="655">
  <marc:subfield code="a">Ketubahs.</marc:subfield>
  <marc:subfield code="2">aat</marc:subfield>
</marc:datafield>
    <marc:datafield ind1=" " ind2="7" tag="655">
  <marc:subfield code="a">Marriage certificates.</marc:subfield>
  <marc:subfield code="2">aat</marc:subfield>
</marc:datafield>
    <marc:datafield ind1=" " ind2="0" tag="655">
  <marc:subfield code="a">Manuscripts, Hebrew</marc:subfield>
  <marc:subfield code="y">19th century.</marc:subfield>
</marc:datafield>
    <marc:datafield ind1="0" ind2=" " tag="700">
  <marc:subfield code="a">Magzum Nas&#x301;i ben Yitsh&#x323;ak&#x323;,</marc:subfield>
  <marc:subfield code="e">witness.</marc:subfield>
</marc:datafield>
    <marc:datafield ind1="0" ind2=" " tag="700">
  <marc:subfield code="a">Matituhu ben Mosheh,</marc:subfield>
  <marc:subfield code="e">witness.</marc:subfield>
</marc:datafield>
    <marc:datafield ind1="0" ind2=" " tag="700">
  <marc:subfield code="a">Dav&#x323;id ben Eliyahu Rah&#x323;amim,</marc:subfield>
  <marc:subfield code="c">mi-bet Shoh&#x323;et&#x323; Bavli,</marc:subfield>
  <marc:subfield code="e">scribe.</marc:subfield>
</marc:datafield>
    <marc:datafield ind1="1" ind2=" " tag="700">
  <marc:subfield code="a">Moussaieff, Shlomo,</marc:subfield>
  <marc:subfield code="e">former owner.</marc:subfield>
</marc:datafield>
    <marc:datafield ind1=" " ind2=" " tag="852">
  <marc:subfield code="b">Library at the Herbert D. Katz Center for Advanced Judaic Studies</marc:subfield>
  <marc:subfield code="a">University of Pennsylvania</marc:subfield>
  <marc:subfield code="e">420 Walnut Street, Philadelphia, Pennsylvania 19106-3703.</marc:subfield>
  <marc:subfield code="j">CAJS Rar Ms 469</marc:subfield>
</marc:datafield>
    <marc:datafield ind1="3" ind2=" " tag="880">
  <marc:subfield code="6">246-01/r</marc:subfield>
  <marc:subfield code="a">&#x5DB;&#x5EA;&#x5D5;&#x5D1;&#x5D4; : &#x5D1;&#x5D5;&#x5DB;&#x5D0;&#x5E8;&#x5D0;</marc:subfield>
</marc:datafield>
    <marc:datafield ind1=" " ind2=" " tag="880">
  <marc:subfield code="6">500-02/r</marc:subfield>
  <marc:subfield code="a">"&#x5D1;&#x5E8;&#x5D1;&#x5D9;&#x5E2;&#x5D9; &#x5D1;&#x5E9;&#x5D1;&#x5EA; &#x5D1;&#x5EA;&#x5E9;&#x5E2;&#x5D4; &#x5D5;&#x5E2;&#x5E9;&#x5E8;&#x5D9;&#x5DD; &#x5D9;&#x5D5;&#x5DD; &#x5DC;&#x5D7;&#x5D3;&#x5E9; &#x5D7;&#x5E9;&#x5D5;&#x5DF; &#x5E9;&#x5E0;&#x5EA; 5634 &#x5DC;&#x5D1;&#x5E8;&#x5D9;&#x5D0;&#x5EA; &#x5E2;&#x5D5;&#x5DC;&#x5DD; &#x5DC;&#x5DE;&#x5E0;&#x5D9;&#x5E0;&#x5D0; &#x5D3;&#x5E8;&#x5D2;&#x5D9;&#x5DC;&#x5E0;&#x5D0; &#x5DC;&#x5DE;&#x5DE;&#x5E0;&#x5D9; &#x5D1;&#x5D9;&#x5D4; &#x5E4;&#x5D4; &#x5D1;&#x5DE;&#x5EA;&#x5D0; &#x5D1;&#x5D5;&#x5DB;&#x5D0;&#x5E8;&#x5D0; &#x5D9;&#x5E2;"&#x5D0; &#x5D3;&#x5E2;&#x5DC; &#x5E0;&#x5D4;&#x5E8; &#x5E9;&#x5D0;&#x5D4; &#x5E8;&#x5D5;&#x5D3; &#x5D9;&#x5EA;&#x5D1;&#x5D0; &#x5D5;&#x5DE;&#x5DE;&#x5D9;&#x5DE;&#x5D9; &#x5D1;&#x5D0;&#x5E8;&#x5D5;&#x5EA; &#x5D5;&#x5DE;&#x5E2;&#x5D9;&#x5E0;&#x5D5;&#x5EA; &#x5DE;&#x5E1;&#x5EA;&#x5E4;&#x5E7;&#x5D0; &#x5D0;&#x5D9;&#x5DA; &#x5D4;&#x5D1;&#x5D7;&#x5D5;&#x5E8; &#x5D4;&#x5E0;&#x5E2;&#x5D9;&#x5DD; &#x5DB;"&#x5DE; &#x5DE;&#x5E9;&#x5D9;&#x5D7; &#x5D1;&#x5DF; &#x5D7;&#x5D9;&#x5D9;&#x5DD; &#x5D1;&#x5DF; &#x5D9;&#x5E6;&#x5D7;&#x5E7; &#x5DE;&#x5E0;&#x5D7;&#x5DD; &#x5D9;&#x5E6;"&#x5D5; &#x5D0;&#x5DE;&#x5E8; &#x5DC;&#x5D4; &#x5DC;&#x5D4;&#x5D3;&#x5D0; &#x5D1;&#x5EA;&#x5D5;&#x5DC;&#x5EA;&#x5D0; &#x5DE;&#x5E8;&#x5EA; &#x5DE;&#x5DC;&#x5DB;&#x5D4; &#x5D1;&#x5EA; &#x5DE;"&#x5D5; &#x5D7;&#x5D9;&#x5D9;&#x5DD; &#x5D1;&#x5DF; &#x5DE;"&#x5D5; &#x5DE;&#x5E9;&#x5D9;&#x5D7; &#x5D9;&#x5E6;"&#x5D5; &#x5D4;&#x5D5;&#x5D9; &#x5DC;&#x5D9; &#x5DC;&#x5D0;&#x5E0;&#x5EA;&#x5D5; &#x5DB;&#x5D3;&#x5EA; &#x5DE;&#x5E9;&#x5D4; &#x5D5;&#x5D9;&#x5E9;&#x5E8;&#x5D0;&#x5DC; ... &#x5DE;&#x5E8; &#x5DE;&#x5D2;&#x5D6;&#x5D5;&#x5DD; &#x5E0;&#x5E9;&#x5D9;&#x5D0; &#x5D1;&#x5DF; &#x5DE;&#x5E8; &#x5D9;&#x5E6;&#x5D7;&#x5E7;, &#x5E2;&#x5D3;; &#x5D4;&#x5E6;&#x5E2;&#x5D9;' &#x5DE;&#x5EA;&#x5EA;&#x5D9;&#x5D4;&#x5D5; &#x5D1;&#x5DF; &#x5DE;&#x5E9;&#x5D4;, &#x5E2;&#x5D3;; &#x5E6;&#x5E2;&#x5D9;&#x5E8; &#x5D3;&#x5D5;&#x5D3; &#x5D1;&#x5DB;"&#x5E8; &#x5D0;&#x5DC;&#x5D9;&#x5D4;&#x5D5; &#x5E8;&#x5D7;&#x5DE;&#x5D9;&#x5DD; &#x5DE;&#x5D1;&#x5D9;&#x5EA; &#x5E9;&#x5D5;&#x5D7;&#x5D8; &#x5D1;&#x5D1;&#x5DC;&#x5D9;, &#x5E1;"&#x5D8;."</marc:subfield>
</marc:datafield>
    <marc:datafield ind1=" " ind2=" " tag="994">
  <marc:subfield code="a">C0</marc:subfield>
  <marc:subfield code="b">PAU</marc:subfield>
</marc:datafield>
    <marc:holdings>
      <marc:holding>
        <marc:holding_id>22534079080003681</marc:holding_id>
        <marc:call_number>CAJS Rar Ms 469</marc:call_number>
        <marc:library>KatzLib</marc:library>
        <marc:location>cjsrarms</marc:location>
      </marc:holding>
    </marc:holdings>
  </marc:record>
</marc:records>
